@misc{viewmayb27:online,
author = {Steve Downey},
title = {A view of 0 or 1 elements: views::maybe},
howpublished = {\url{https://github.com/steve-downey/view_maybe/blob/master/papers/view-maybe.tex}},
month = {07},
year = {2022},
note = {(Accessed on 08/15/2022)}
}

@misc{UAX31-14:online,
author = {Mark Davis and Robin Leroy},
title = {UNICODE IDENTIFIER AND PATTERN SYNTAX},
howpublished = {\url{https://www.unicode.org/reports/tr31/tr31-35.html}},
month = {08},
year = {2021},
note = {(Accessed on 10/20/2022)}
}

@misc{UAX31-15:online,
author = {Mark Davis and Robin Leroy},
title = {UNICODE IDENTIFIER AND PATTERN SYNTAX},
howpublished = {\url{https://www.unicode.org/reports/tr31/tr31-37.html}},
month = {08},
year = {2022},
note = {(Accessed on 10/20/2022)}
}

@misc{UAX31-DIFF:online,
author = {Mark Davis and Robin Leroy},
title = {UNICODE IDENTIFIER AND PATTERN SYNTAX},
howpublished = {\url{https://www.unicode.org/reports/tr31/tr31-36.html}},
month = {08},
year = {2022},
note = {(Accessed on 10/20/2022)}
}

@misc{UAX31-41:online,
author = {},
  title = {UAX \#31: Unicode Identifiers and Syntax},
  url = "https://www.unicode.org/reports/tr31/tr31-41.html",
month = {},
year = {},
  note = "[Online; accessed 2025-05-19]"
}

@misc{REFBIND,
author = {JeanHeyd Meneide},
title = {To Bind and Loose a Reference | The Pasture},
howpublished = {\url{https://thephd.dev/to-bind-and-loose-a-reference-optional}},
month = {},
year = {},
note = {(Accessed on 01/01/2024)}
}

@misc{Downey_smd_optional_optional_T,
author = {Downey, Stephen},
title = {{optional<T\&>}},
howpublished = {\url{https://github.com/steve-downey/Optional26}}
}

@misc{rawgithu58:online,
author = {Downey, Stephen},
title = {optional.hpp},
howpublished = {\url{https://raw.githubusercontent.com/steve-downey/Optional26/refref/include/Beman/Optional26/optional.hpp}},
month = {},
year = {},
note = {(Accessed on 08/14/2024)}
}

@misc{The_Beman_Project_beman_optional,
author = {The Beman Project},
license = {Apache-2.0},
title = {{beman.optional}},
howpublished = {\url{https://github.com/bemanproject/optional}},
month = {},
year = {},
}
